Record 1
LDR  00815dam  22002531a 45  
001  AAA-1067    
005  20030326000000.0
008  821227s1813    enk      c    00010 eng  
010       $a    14004640 
035       $a RLINCCSG79255439-B
035       $a (CaOTULAS)36050989
035       $a (C)ZZC00234882
040       $c CarP $d CStRLIN
050  0    $a Z997 $b .W71
090       $a 016.09 $b W71 $i 10/18/90 T
100  10   $a Willett, Ralph, $d 1719-1795.
245  10   $a Merly library : $b A catalogue of the well known and celebrated library ofthe late Ralph Willett, esq.
260  1    $a London : $b [s.n.], $c 1813
300       $a 119 p. ; $c 22 cm.
500       $a CSL: LEADER STATUS IS 'd' (DELETE); OUTPUT STATUS AS INPUT (03/03).
650   0   $a Rare books.
650   0   $a Incunabula $x Catalogs.
852       $a CSLD $b RARE $h 016.09 $i W71
901       $a CSLD $b AAA-1067

Record 2
