LDR  01131cam  22002657  45  
001  ABT-0232    
005  20030326000000.0
007  heüamb---baca       
007  hzübhb---baba       
008  890511r19881903miuacfh b     00110 eng d
035       $a RLINCCSG89-B3368
011       $a 04-3971
037       $a CL0086000014 $b University Microfilms International
040       $a *CNI* $c *CNI* $d CStRLIN
050   4   $a CS71.A36 $b 1903a
090       $a \MICRO-\FICHE\G3\G2873\ $n \For print ed., see:  CS 71 A36 1903a Sutro.\ $f Anal. $p 1 $i 05/11/89 CT
100  10   $a Fielding, Harriet Chapin, $d 1847-
245  14   $a The ancestors and descendants of Isaac Alden and Irene Smith his wife $h [microform] : $b (1599-1903) / $c by Harriet Chapin Fielding.
260  0    $a [S.l. : $b s.n.], $c c1903.
300       $a 144 p., [6] leaves of plates : $b ill., facsims., ports.
440   0   $a Genealogy & local history ; $v G2873.
500       $a CSL: FILL CHARS IN LEADER CODES: CHANGE STATUS TO 'c', ENCLVL TO '7', ISBD TO BLANK (03/03).
600  30   $a Alden family.
852       $a CSLD $b SUTRO $j MICRO- FICHE G3 G2873 $x Anal. $z For print ed., see: CS 71 A36 1903a Sutro.
901       $a CSLD $b ABT-0232

Record 3
