LDR  01021nam  2200229 a 45  
001  ABW-4264    
005  20030326000000.0
008  830110s1980    dcu      b   f00000 eng d
035       $a RLINCCSY83-B8
040       $a NNU-L $c NNU-L $d C
043       $a n-us---
086       $a GA 1.14:So8
090       $a \GA1.14\ $b So8 $n 20\Another copy in microfiche\ $i 01/17/83 CT
245  02   $a A Guide to sources for identifying General Accounting Office reports.
260  0    $a [Washington] : $b U.S. General Accounting Office, Office of Information Systems and Services, Technical Information Sources and Services Branch, Audit Reference Services, $c 1980.
300       $a iii, 83 p. ; $c 27 cm.
500       $a CSL: LEADER TYPE IS 'h'; CHANGE TO 'a' AND OUTPUT RECORD (03/03).
610  10   $a United States. $b General Accounting Office $x Bibliography.
650   0   $a Finance, Public $z United States $x Accounting $x Bibliography.
710  20   $a United States. $b General Accounting Office. $b Audit Reference Services.
852       $a CSLD $b US $h GA1.14 $i So8
901       $a CSLD $b ABW-4264

Record 4
