LDR  01414cam  22003491  45  
001  AAA-0117    
003  CStRLIN
005  20030326000000.0
008  821206s1824    pauabeg       00000 eng  
010       $a rc 00001607  $z rc 00001607 
035       $a RLINCCSG79254476-B
019       $a 112312322
035       $a (CaOTULAS)36045338
035       $a (C)ZZB00137590
040       $c CarP $d CStRLIN
043       $a n-cn-mb $a n-us--- $a n-us-mn
050  0    $a F597 $b .L845
051       $c Copy 2.
090       $a 917.7 $b K25 $i 01/07/94 T
092       $a 353.00l $b Af27
100  1    $a Keating, William Hypolitus, $d 1799-1840.
245  10   $a Narrative of an expedition to the source of St. Peter's river, Lake Winnepeek, Lake of the Woods, &c. &c. performed in the year 1823 by order of the Hon. J. C. Calhoun, secretary of war, under the command of Stephen H. Ling, major, U.S.T.E. Comp. from the notes of Major Long, Messrs, Say, Keating, and Colhoun,
260       $a Philadelphia, $b H. C. Carey & I. Lea, $c 1824.
300       $a 2 v. $b fronts., 15 pl. (incl. plan. music) fold. map. tables. $c 22 cm.
500       $a CSL: DROP FIELDS 005, 039, 069, 590, 852, 899, 9XX.
541       $* Y $3 photo
583       $3 photo $* N $a Processed $c 03/30/93
650   0   $a Dakota Indians.
651   0   $a Manitoba $x Description and travel.
700  10   $a Lovell, Joseph, $d 1788-1836.
852       $a CSLD $b M $h 917.7 $i K25 $z Drop this 590 field (output as $z).
901       $a CSLD $b AAA-0117

Record 5
