LDR  00901cas  2200289 a 45  
001  ACV-0152    
005  20030326000000.0
008  921016c19899999mduar1   i    0  üa0eng d
010       $a    91659127 
035       $a RLINCCSG92-S324
042       $a lc $a nsdp
050  0    $a R11 $b .P673
060  0    $a ZWZ 112 $b P578p
082  00   $a 610/.92/273
082       $a B
090       $a R153 $b .P59 $p 3 $i 10/16/92 CT
210  0    $a Phys. obit.
222   0   $a Physicians' obituaries
245  00   $a Physicians' obituaries : $b an obituary index to the Journal of the American Medical Association.
300       $a v. ; $c 28 cm.
310       $a Annual
362  0    $a 1989-
500       $a CSL: DROP FIELDS WITH NULL $a: 020, 022, 040, 100, 260, 351, 500, 506, 541, 545, 555, 600, 651, 700 (03/03).
630  00   $a JAMA $x Indexes.
650   0   $a Medicine $x Periodicals $x Indexes.
852       $a CSLD $b SUTRO $h R153 $i .P59 $3 1989-
901       $a CSLD $b ACV-0152

Record 6
