LDR  00806cas  2200217 a 45  
001  ACV-0221    
005  20030326000000.0
008  911001c198u9999cauar         0uuu 0eng d
035       $a RLINCCSG91-S388
040       $a C $c C
043       $a n-us-ca
090       $a KFC424 $b .A56 $p 3 $i 10/01/91 CT
130  00   $a Annual legislative report (Builders Exchanges Legislative Network (Calif.))
245  10   $a Annual legislative report / $c Builders Exchanges Legislative Network.
260  01   $a Sacramento, Calif. : $b The Network,
300       $a v. ; $c 28 cm.
500       $a CSL: 01O FIELD HAS SUBFIELD $o ONLY; DO NOT OUTPUT 010 (03/03).
650   0   $a Construction industry $x Law and legislation $z California.
710  20   $a Builders Exchanges Legislative Network (Calif.)
852       $a CSLD $b CAL* $h KFC424 $i .A56 $3 1990
901       $a CSLD $b ACV-0221

Record 7
