LDR  00891nam  22002771  45  
001  AAA-0114    
005  20030326000000.0
008  820923m19021908enk           00000 eng  
010       $a    08000333 $z 080333
035       $a RLINCCSG79254473-B
035       $a (CaOTULAS)36175764
035       $a (C)ZZB00137584
035       $a 3RD 035, OUTPUT AS 035
040       $c CarP $d CStRLIN
050  0    $a PB1353 $b .I6 vol. 4, 8-9
090       $a 891.6 $b I68 v.4
100  10   $a Keating, Geoffrey, $d 1570?-1644.
245  14   $a The history of Ireland,
260  0    $a London, $b For the Irish texts society by D. Nutt, $c 1902-
300       $a 237p. $c 23 cm.
440   0   $a Irish texts society ... Publications $v v. 4
500       $a CSL: RECORD HAS 010 $o & 3 035 FIELDS; OUTPUT 4 035 FIELDS (03/03).
700  11   $a Comyn, David, $e ed.
700  11   $a Dinneen, Patrick S., $e ed.
852       $a CSLD $b M $h 891.6 $i I68 v.4
901       $a CSLD $b AAA-0114

Record 8
