LDR  01272cas  2200433 a 45  
001  ACY-3742    
003  CStRLIN
005  20030326000000.0
008  930413c19889999pauar     lr  0  üa0eng d
010       $a sn 88010187 
035       $a RLINCCSG93-S131
022       $y 0891-1517
040       $a CU-I $c CU-I $d NST $d N $d NST $d MCM $d NST $d NSDP $d NST $d CStRLIN $d C
042       $a msc
043       $a n-us---
050       $a KF6652 $b .O35
090       $a HE952.U5 $b C8 $p 3 $i 04/13/93 CT
245  00   $a Kitchen sink weekly
260       $a [Philadelphia, PA : $b North American Pub. Co., $c c1988-
300       $a v. ; $c 29 cm.
310       $a Annual
362  1    $a Began with:  Official 1988 version.
500       $a CSL: TEST 901 OUTPUT:  901 $a = 'CSLD' & $b = 001 CONTENTS (03/03).
505       $a output this 505
580       $a output this 580
600  10   $a output this 600
610   3   $a output this 610
650   2   $a output this 650
651   4   $a output this 651
693  20   $a output this 693
696  04   $% SP81 $a output this 696.
711  10   $a output this 711
752   3   $a output this 752
787   2   $a output this 787
797   4   $a output this 797
810  20   $a output this 810
830  20   $a output this 830
852       $a CSLD $b RREF $h HE952.U5 $i C8 $3 Current year only.
901       $a CSLD $b ACY-3742

Record 9
