LDR  00504ndma 22001697a 45  
001  ACZ-0193    
005  20030326000000.0
008  931028s1993    cau                 eng  
110  2    $a Shot of Class
245  00   $a Sing sing $f 1993
260       $a Sacramento, Calif.
300       $a 8 1/2 x 11 ins.
500       $a CSL: AMC (LDR 08 = a); OUTPUT 1 852 FIELD W/ $b = CAL* (03/03)
650   0   $a Performing arts.
650   0   $a Restaurants, lunch rooms, etc. $z California $z Sacramento.
852       $a CSLD $b CAL*
901       $a CSLD $b ACZ-0193

Record 10
