LDR  01029nas  2200289 a 45  
001  ACZ-4905    
005  20030326000000.0
008  790911c19uu9999aluar    ab  f0uuua0eng d
035       $a 05363781
035       $a (GPO)85016865 
040       $a GAO $c GAO $d m.c. $d SER $d RCS $d GPO $d MvI-ran $d MvI-ran
060  0    $a Z 5063 A296
074       $a 424-I
086  0    $a D 301.26/20:28
090       $a D 301.26/20:28
245  00   $a Air University abstracts of research reports.
260  00   $a Maxwell Air Force Base, Ala. : $b Air University Library.
265       $a Air University Library, Maxwell Air Force Base, Ala. 36112-5564
300       $a v. ; $c 27 cm.
310       $a Annual
500       $a CSL MARCIVE: NOT AMC, NO 950, HAS 074; OUTPUT 1 852 W/ $b = US (03/03)
650   0   $a Military art and science $x Abstracts $x Periodicals.
650   0   $a Military research $x Abstracts $x Periodicals.
693  20   $a Air University (U.S.) $x Bibliography $x Periodicals.
710  20   $a Air University (U.S.). $b Library
852       $a CSLD $b US $j D 301.26/20:28
901       $a CSLD $b ACZ-4905

Record 11
