LDR  00639nas  2200217 a 45  
001  ACV-0790    
005  20030326000000.0
008  910722c19899999nmufx p       0  0 0eng d
035       $a RLINCCSG91-S332
040       $a C $c C
090       $p 4 $i 07/23/91 CT
245  04   $a The Ink & Gall newsletter.
260  00   $a Taos, NM : $b Dexter Ing,
300       $a v. : $b ill. ; $c 28 cm.
310       $a Two times a year.
362  1    $a Began with:  No. 1 (autumn 1989)?
500       $a CSL: NOT AMC, NO 950, NO 074; OUTPUT 1 852 WITH $b = X (03/03)
650   0   $a Marbling $x Periodicals.
650   0   $a Marbled papers $x Periodicals.
852       $a CSLD $b X
901       $a CSLD $b ACV-0790

Record 12
