LDR  01044nam  2200277 a 45  
001  ABW-4111    
005  20030326000000.0
008  821119s1982    dcuab    b   f00110 eng  
010       $a    82600184
035       $a RLINCCSY82-B992
040       $d PU $d C
043       $a a-cc---
050  0    $a NK1068 $b .L35 1982
082  0    $a 730/.0931/0740153 $2 19
086  0    $a SI 1.2:C44
090       $a \SI1.2\ $b C44 $i 12/01/82 CT
100  10   $a Lawton, Thomas, $d 1931-
245  10   $a Chinese art of the warring states period : $b change and continuity, 480-222 B.C. / $c Thomas Lawton.
260  0    $a Washington, D.C. : $b Published for the Freer Gallery of Art by the Smithsonian Institution Press : $b For sale by the Supt. of Docs., U.S. G.P.O., $c 1982.
300       $a 202 p. : $b ill. (some col.), maps ; $c 28 cm.
500       $a CSL: NOT AMC; HAS 950 WITH $l; OUTPUT 852 $b FROM 950 $l.
504       $a Bibliography: p.193-198.
650   0   $a Art objects, Chinese $y To 221 B.C. $x Exhibitions.
710  20   $a Freer Gallery of Art.
852       $a CSLD $b US $h SI1.2 $i C44
901       $a CSLD $b ABW-4111

Record 13
