LDR  01045cam  22002531a 45  
001  AAA-0350    
005  20030326000000.0
008  830216s1921    enka          00110 eng  
010       $a    21018431
035       $a RLINCCSG79254711-B
090       $a HV6245 $b .K5 $i 11/16/89 T
100  10   $a Kingston, Charles.
245  10   $a Remarkable rogues : $b the careers of David Loy and Mark Reyes.
260  0    $a London : $b John Lane ; $a New York : $b John Lane Co., $c 1921.
300       $a x, 289 p. : $b ill. ; $c 23 cm.
500       $a CSL: REC HAS 4 950s; OUTPUT ONLY 2 852s AS FOLLOWS:  (3/03)
500       $a CSL: 1ST 950 HAS NON-DELETE $l; OUTPUT IN 852 $b.
500       $a CSL: 2ND 950 HAS DELETE $l, DO NOT CREATE AN 852 FOR THIS LOCATION.
500       $a CSL: 3RD 950 HAS NO $l & IS NOT A DELETE LOC; OUTPUT 852 $b = 'X'
500       $a CSL: 4TH 950 HAS NO $l & IS A DELETE LOC; DON'T CREATE AN 852.
650   0   $a Crime and criminals.
852       $a CSLD $b ADM $h HV6245 $i .K5
852       $a CSLD $b X $h HV6245 $i .K5 $z Kept up to date by supplements and new crimes.
901       $a CSLD $b AAA-0350

Record 14
