LDR  00827nas  2200229 i 45  
001  ACY-3652    
003  CStRLIN
005  20030326000000.0
008  930318c19649999mnu x    i    0 ü  1eng d
035       $a RLINCCSL93-S100
040       $a C $c C
090       $a PN4701 $b .J69 $f retro $i 03/22/93 CT
245  00   $a JQ. Journalism quarterly. $p Index.
247  10   $a Journalism quarterly. $p Index.
260       $a [Columbia, S.C. : $b Association for Education in Journalism, $c 1964-
300       $a v. : $c 23 cm.
362  0    $a Vols. 1-40 (1924-1963)-
500       $a CSL: 010 $o IS RLINCCSL; 950 $lR BECOMES 852 $b RLAW; 950 $lS BECOMES 852 $b SLAW.(03/03)
650   0   $a Journalism $x Periodicals $x Indexes.
852       $a CSLD $b RLAW $h PN4701 $i .J69 $x retro $3 v.1-40 (1924-1963).
852       $a CSLD $b SLAW $h PN4701 $i .J69 $x retro $3 v.41-50 (1964-73).
901       $a CSLD $b ACY-3652

Record 15
