LDR  00740nas  2200205 a 45  
001  ACY-3655    
003  CStRLIN
005  20030326000000.0
008  930318c19869999sw  x    i    0 ü  0eng d
035       $a RLINCCSG93-S103
040       $a C $c C
090       $a QH540 $b .A521 $f retro $p 4 $i 03/22/93 CT
245  00   $a Ambio. $p 15-year index.
260       $a [Stockholm] : $b Royal Swedish Academy of Sciences ; $a [Boston : $b Universitetsforlaget] [distributor], $c 1986-
300       $a v. ; $c 30 cm.
362  0    $a (1972-1986)-
500       $a CSL: 010 $o IS RLINCCSG; 950 $lR BECOMES 852 $b RREF; 950 $lS BECOMES 852 $b SUTRO. (03/03)
852       $a CSLD $b RREF $h QH540 $i .A521 $x retro $3 (1972-1986)
852       $a CSLD $b SUTRO $h QH540 $i .A521 $x retro $3 (1990-1995)
901       $a CSLD $b ACY-3655

Record 16
