LDR  00849nam  22002291  45  
001  AAA-0304    
005  20030326000000.0
008  821105s1649    enk           00000 eng  
010       $a    57053663 $z 57053663
035       $a RLINCCSD79254663-B
035       $a (CaOTULAS)36045525
035       $a (C)ZZB00141853
040       $c CarP $d CStRLIN
050  0    $a DA412 1649 $b .C5 (Rare Bk Coll)
090       $a 942.06 $b K52
100  00   $a Charles $b I, $c King of England, $d 1600-1649.
245  10   $a King Charls, his speech made upon the scaffold at Whitehall-Gate, immediately before his execution, on Tuesday the 30 of Ian. 1648.
260  0    $a London, $b Printed by P. Cole, $c 1649.
300       $a 14 p. $c 19 cm.
500       $a CSL: 950 $l = S, 010 $o DOES NOT BEGIN WITH EITHER RLINCCSL OR RLINCCSG; OUTPUT 852 $b = X (03/03).
852       $a CSLD $b X $h 942.06 $i K52
901       $a CSLD $b AAA-0304

Record 17
