LDR  00787cac  2200241 a 45  
001  ACY-3081    
003  CStRLIN
005  20030326000000.0
008  930330i19101930cau                 eng ü
035       $a RLINCCSG93-A28
040       $a C $c C
090       $a F333 $b .G444 $i 04/15/93 T $h 03/30/93 T
245  00   $a Humboldt Co.:  Q - Z.
300       $a 1 $f folder of photographs.
500       $a CSL: HAS 090 $a $b, 950 $a $b, 541 $e; USE 541 $e IN ALL 852 $j's(3/3)
541       $* Y $3 photo $e Carton 99
583       $3 photo $* N $a Processed $c 03/30/93
651   0   $a Humboldt Bay (Calif.)
690   7   $a Photographs, Original. $2 CSL
851       $a Calif. State Library, $b Calif. Section, $c 914 Capitol Mall, Sacramento 95814
852       $a CSLD $b TECH $j Carton 99
852       $a CSLD $b SPCOL $j Carton 99
901       $a CSLD $b ACY-3081

Record 18
