LDR  01028cam  22002411a 45  
001  AAA-0133    
003  CStRLIN
005  20030326000000.0
008  830420r18701850cau      r    00000 eng  
010       $a    11012622 
035       $a RLINCCSG79254492-B
050  0    $a F869.S3 $b K48 1870 (Rare Bk Coll)
100  1    $a Kimball, Charles P. $q (Charles Proctor), $d 1821-1894.
245  14   $a The San Francisco city directory / $c Charles P. Kimball.
260       $a San Francisco : $b Journal of commerce press, $c [1870?]
300       $a 139 p. ; $c 15 cm.
500       $a CSL: NO 541 $e; NO 090; 1ST 950 HAS $a $b, OUTPUT IN 852 $h $i; 2ND 950 HAS $a, OUPUT AS 852 $j; 3RD 950 HAS $b, OUTPUT AS 852 $j; 4TH HAS NEITHER, DON'T OUTPUT ANY CALLNUM IN 852; CHANGE BACKSLASH (HEX 5C) TO SPACE, THEN STRIP EXTRA SPACES IN 1ST & 2ND CALL NUMS. (03/03).
651   0   $a San Francisco (Calif.) $x Directories.
852       $a CSLD $b CAL $h B969 $i .K121
852       $a CSLD $b BTBL $j Hollow Rock44
852       $a CSLD $b MAP $j Floor Safe
852       $a CSLD $b SHIP
901       $a CSLD $b AAA-0133

Record 19
