LDR  00452nam  2200145   45  
001  ABA-0433    
005  20030326000000.0
090       $a First 090 - Don't Use
090       $a A41329
100  10   $a Wright, William.
245  10   $a Ancient Canaanite religions
500       $a CSL: NO 541 $e; HAS 090 $a BUT NOT $b; 950s HAVE NO $a OR $b; USE 2ND 090 $a TO CREATE 852 $j's FOR BOTH 852s. (03/03)
852       $a CSLD $b GPS $j A41329
852       $a CSLD $b CAT $j A41329
901       $a CSLD $b ABA-0433

Record 20
