LDR  00591nam  22001811  45  
001  AAA-0131    
005  20030326000000.0
008  820218s1954    nyua          00000 eng  
090       $a First 090 - don't use
090       $b Second 090 - don't use
090       $a F878 $b .G127
100  10   $a Kimball, Arthur Lalanne, $d 1856-1922.
245  10   $a College textbook of physics.
260  0    $a New York, $b Holt $c [1954]
300       $a 942 p. $b illus. $c 25 cm.
500       $a CSL: NO 541 $e, NO 950 $a/$b, HAS 090 $a/$b; OUTPUT 852 $h/$i FROM 3RD 090 $a/$b (03/03)
852       $a CSLD $b CIRC $h F878 $i .G127
901       $a CSLD $b AAA-0131

Record 21
