LDR  00403nam  2200133   45  
001  ABA-0433    
005  20030326000000.0
090       $b V52411
100  10   $a Sinclair, Virginia.
245  10   $a Paperweight mania
500       $a CSL: NO 541 $e; HAS 090 $b BUT NOT $a; 950s HAVE NO $a OR $b; USE 090 $b TO CREATE 852 $j's FOR BOTH 852s. (03/03)
852       $a CSLD $b BIB $j V52411
852       $a CSLD $b ADM $j V52411
901       $a CSLD $b ABA-0433

Record 22
