LDR  00781nam  22001931  45  
001  AAA-0128    
005  20030326000000.0
008  821105s1947    nyu           00010aeng  
090       $a TM\Sailboat $b Collection
100  10   $a Preston, Monroe.
245  10   $a Sputty is a good bird.
260  0    $a New York, $b The Macmillan company, $c 1947.
300       $a xvi, 407 p. $c 22 cm.
500       $a CSL: NO $e IN 541; 090 HAS $a/$b; 1ST 950 HAS $a; 2ND 950 HAS NO $a OR OR $b; WHEN USING THE 090 $a/$b OR 950$a AS SOURCE OF CALL NUMBER, REMOVE BACKSLASHES & REPLACE WITH SPACES (03/03).
500       $a CSL: OUTPUT 2 852's; FOR 1ST TAKE CALL# FROM 950$a; FOR 2ND, FROM 090.
541       $* Y $3 photo
852       $a CSLD $b LREV $j Calif C1980 .D91
852       $a CSLD $b SCH $h TM Sailboat $i Collection
901       $a CSLD $b AAA-0128

Record 23
