LDR  01079cam  2200229 a 45  
001  ABA-0386    
005  20030326000000.0
008  850824s1915    dcu           00000 eng d
090       $a 815 $b C153 v.11 $i 11/07/90 T
100  10   $a Brazel, Mack
245  14   $a Alien autopsy gone bad.
260  0    $a Washington : $b Govt. Printing Office, $c 1915.
300       $a 4 v ; $c .001 cm.
440   0   $a Area 51 seminars ; $v v.11.
500       $a CSL: TEST 852 $k AND $m OUTPUT FROM 950 $d OR $e.(03/03)
500       $a 1st 950: OUTPUT 1ST $d AS $k AFTER REMOVING BACKSLASHES, 2ND as $m RareBook.
500       $a 2nd 950: 4 $d's; OUTPUT 1ST AS $k AFTER REMOVING BACKSLASHES; 2nd as $k, 3rd as $m Non-circ, 4th as $m.
500       $a 3rd 950: OUTPUT only $d AS $m; 1st $e AS $m also in Calif; 2nd $e - DON'T OUTPUT; 3rd $e REMOVE BACKSLASHES ETC. & OUTPUT AS $m.
852       $a CSLD $b ADM $h 614 $i W $k c $m Rare Book $z Extra copy in Whitehouse lounge.
852       $a CSLD $b BIB $h 815 $i C153 v.11 $k f $k TLM $m Non-circ $m CHART $3 v. 1-3
852       $a CSLD $b RARE $h 815 $i C153 v.11 $m ****** $m also in Calif $m Also in ASTRO
901       $a CSLD $b ABA-0386

Record 24
