LDR  00666nbm  22001691  45  
001  AAA-0702    
005  20030326000000.0
008  821020s1952    cauab         00000 eng  
090       $a 979.402 $b W365 copy 2
100  10   $a Webb, Edith Buckland, $d 1877-
245  10   $a Indian life at the old missions.
260  0    $a Los angeles, $b W. F. Lewis $c [1952]
300       $a xxix, 326 p. $b illus., maps. $c 28 cm.
500       $a CSL: AMC WITH 2 950s BOTH WITH $d & $e.  USE ONLY 1ST 950 AS SOURCE OF 852 $k OR $m (03/03).
852       $a CSLD $b CAL* $h 979.402 $i W365 copy 2 $k q $m Ishi Room
901       $a CSLD $b AAA-0702
998       $a CSLD $b 1004 $c Record contains the invalid leader type b $d Release-027-000 $e AAA-0702

Record 25
