LDR  01162cam  2200277 a 45  
001  ABT-0900    
005  20030326000000.0
008  890601s1975    dcu      b   f00010 eng  
010       $a    77747245  $z sc 82004498
035       $a AT141
074       $a 798-J-6
086       $a LC 1.2:M18/16 (1ST 086)
086       $a LC 1.2:M18/16 (2ND 086)
086       $a LC 1.2:M18/16 (3RD 086)
086       $a LC 1.2:M18/16 (4TH 086)
086       $a LC 1.2:M18/16 (5TH 086)
086       $a LC 1.2:M18/16 (LAST 086/LAST 090)
090       $a Z699.4.M2 $b A84 $i 08/03/93 T $h 06/01/89 CTZ
090       $a LC 1.2:M18/16 (LAST 086/LAST 090) $i 08/03/93 T $h 06/01/89 CTZ
100  1    $a Avram, Henriette D.
245  10   $a MARC, its history and implications / $c by Henriette D. Avram.
260       $a Washington : $b Library of Congress, $c 1975.
300       $a 49 p. ; $c 23 cm.
500       $a CSL: MARCIVE HAS 6 086 FIELDS, LAST 090 MATCHES LAST 086; OUTPUT 1ST 5 086 FIELDS IN 852 $m (03/03).
852       $a CSLD $b SCH $j LC 1.2:M18/16 (LAST 086/LAST 090) $m Other Govt Docs numbers: LC 1.2:M18/16 (1ST 086),LC 1.2:M18/16 (2ND 086),LC 1.2:M18/16 (3RD 086),LC 1.2:M18/16 (4TH 086),LC 1.2:M18/16 (5TH 086)
901       $a CSLD $b ABT-0900

Record 26
