LDR  01125nas  2200301 a 45  
001  ACZ-4680    
005  20030326000000.0
008  820911c19819999dcuar1       f0uuua0eng d
010       $a    82647246  $z sc 82004498
035       $a 08767643
074       $a 834-C-6
086  0    $a NS 1.40/2: 1ST 086
086  0    $a NS 1.40/2: 2ND 086
086  0    $a NS 1.40/2: 3RD 086
086  0    $a NS 1.40/2: 4TH 086
086  0    $a NS 1.40/2: 5TH 086
090       $a NS 1.40/2:
090       $a NS 1.40/2: LAST 090
245  04   $a The 5-year outlook on science and technology.
260  00   $a Washington, D.C. : $b National Science Foundation : $b For saleby the Supt. of Docs., U.S. G.P.O., $c [1982?-
300       $a v. : $b ill. ; $c 28 cm.
310       $a Annual
362  0    $a 1981-
500       $a CSL: MARCIVE HAS 5 086 FIELDS, LAST 086 DOES NOT MATCH LAST 090; OUTPUT ALL 086S IN 852 $m (03/03).
710  20   $a National Science Foundation (U.S.)
780  00   $t Five-year outlook
852       $a CSLD $b US $j NS 1.40/2: LAST 090 $m Other Govt Docs numbers: NS 1.40/2: 1ST 086,NS 1.40/2: 2ND 086,NS 1.40/2: 3RD 086,NS 1.40/2: 4TH 086,NS 1.40/2: 5TH 086
901       $a CSLD $b ACZ-4680

Record 27
