LDR  01049nas  2200277 a 45  
001  ACZ-4688    
005  20030326000000.0
008  740911c19729999gauar1    s  f0uuua0eng  
010       $a    74644021 //r82
035       $a mvi84008600
050       $a HQ767.5.U5 $b C45a
074       $a 505-A-15 (microfiche)
082       $a 301
086  0    $a HE 20.7011/20 $b  Something else
090       $a HE 20.7011/20
245  00   $a Abortion surveillance / $c Center for Disease Control.
260  00   $a Atlanta, Ga. : $b The Center,
265       $a U.S. Dept. of Health and Human Services, Public Health Service, Centers for Disease Control, Center for Health Promotion and Education, Division of Reproductive Health, Atlanta, Ga. 30333
300       $a v. : $b ill. ; $c 28 cm.
310       $a Annual
362  1    $a Began with 1972.
490  1    $a <-1976>: DHEW publication ; $v no. (CDC)
500       $a CSL: MARCIVE HAS 1 086 THAT DOES MATCH LAST 090; DO NOT OUTPUT 852 $m WITH 086 (03/03).
830   0   $a DHEW publication ; $v no. (CDC)
852       $a CSLD $b US $j HE 20.7011/20
901       $a CSLD $b ACZ-4688

Record 28
