LDR  00698nas  2200181 a 45  
001  ACZ-4688    
005  20030326000000.0
008  740911c19729999gauar1    s  f0uuua0eng  
074       $a 505-A-15 (microfiche)
086  0    $a HE 20.7011/20: 086 FIELD
090       $a HE 20.7011/20: 090 FIELD
245  00   $a Alien surveillance / $c Center for Mind Control.
260  00   $a Aaanthor, Mars : $b The Center,
300       $a v. : $b ill. ; $c 28 safads
500       $a CSL: MARCIVE HAS 1 086 THAT DOESN'T MATCH LAST 090; OUTPUT 852 $m WITH  086 (03/03).
650   0   $a Surveillance $z Alien $x Statistics $x Periodicals.
852       $a CSLD $b US $j HE 20.7011/20: 090 FIELD $m Other Govt Docs numbers: HE 20.7011/20: 086 FIELD
901       $a CSLD $b ACZ-4688

Record 29
