LDR  00752nbs  2200193 a 45  
001  ACY-3656    
005  20030326000000.0
008  930318c19759999nyu x p  i    0 ü  0eng d
035       $a RLINCCSG93-S104
090       $a TK1 $b .I172 $f retro $n \Don't output this n note\ $i 03/22/93 CT
245  00   $a Flora of Barsoom monthly.
260       $a Ptarth, Barsoom : $b Ptor Publishing.
300       $a v. ; $c 6000 safad
362  1    $a Began with 1001
500       $a CSL: AMC (TYPE=b); Do not output any 852 $x OR $z NOTES FROM 090, 950, OR 590 (03/03).
500       $a CSL: AMC (TYPE=b); WILL BE WRITTEN TO ERROR FILE FOR INVALID TYPE.
852       $a CSLD $b CAL* $h TK1 $i .I172
901       $a CSLD $b ACY-3656
998       $a CSLD $b 1004 $c Record contains the invalid leader type b $d Release-027-000 $e ACY-3656

Record 30
