LDR  01033cas  2200205   45  
001  ACY-3675    
005  20030326000000.0
008  930308u19329999cauau         0uuu 0eng d
035       $a RLINCCSG93-S80
090       $b Box 12 $f Indigo $n Maroon $n \Aubergine\
090       $a AY81.M5 $b G5 $f Repl. $n \Banana\
245  00   $a Gin Chow's annual almanac.
260       $a Los Angeles, Calif. : $b Wetzel Publishing Co., $c 1932-
300       $a v. : $b ill. ; $c 23 cm.
500       $a CSL NON-AMC: TEST OUTPUT OF 852 $x & $z FROM 090, 950, & 590. (03/03)
500       $a 090 HAS $f, $n; 1ST 950 HAS $f, $u, $w, $n;  2ND 950 has $u, $n, $e, $v; 3RD 950 HAS NO NOTES FIELDS
852       $a CSLD $b CAL $h AY81.M5 $i G5 $m AquamarineFrom950D $x CrimsonFrom950F $x BittersweetFrom950U $x GoldenrodFrom950W $z PurplePinto From 590 $z LapisFrom950N $z VioletFrom950N $z Banana
852       $a CSLD $b ADM $h AY81.M5 $i G5 $m EdselFrom950E $x Repl. $x PacerFrom950U $z PurplePinto From 590 $z RamblerFrom950N $z Banana $3 v.1-10, 12-
852       $a CSLD $b GPS $h AY81.M5 $i G5 $x Repl. $z PurplePinto From 590 $z Banana
901       $a CSLD $b ACY-3675

Record 31
