LDR  00556nasa 2200193 a 45  
001  ACY-3656    
003  CStRLIN
005  20030326000000.0
008  930318c19759999nyu x p  i    0 ü  0eng d
035       $a RLINCCSG93-S104
040       $a C $c C
090       $a TK1 $b .I172 $f retro $i 03/22/93 CT
245  00   $a Saguaro Annual.
260       $a Phoenix : $b Prickly Pete Publishing.
300       $a v. ; $c 28 cm.
362  1    $a Began with 1960-1974.
500       $a CSL AMC: (LDR(08) = a); DO NOT OUTPUT 852 $3 FROM 950 $v (03/03).
852       $a CSLD $b CAL* $h TK1 $i .I172
901       $a CSLD $b ACY-3656

Record 32
