LDR  01345cas  2200181 a 45  
001  ACZ-0307    
005  20030326000000.0
008  940407u19uu9999cauar         0 ü  0eng d
035       $a RLINCCSP94-S126
090       $a LD7501.L8 L56 $b L56 $i 04/12/94 CT
245  00   $a Lincolnian.
260       $a [Los Angeles, Calif.] : $b Students of Lincoln High School,
300       $a v. : $b ill., ports. ; $c 28 cm.
500       $a CSL CCSP: 010 $o BEGINS 'RLINCCSP'; OUTPUT 2nd 590 AS $3 IN BOTH 852s AFTER STRIPPING 'LIBRARY HAS:'; OUTPUT 1st 590 AS $z IN BOTH 852s; DROP BOTH 590s FROM OUTPUT RECORD (03/03).
500       $a CSL: CHANGE LOCATION 'S' TO 'SUTRO'.
852       $a CSLD $b CAL* $h LD7501.L8 L56 $i L56 $z Library's copy of 1936 is signed copy of Kenny Washington's; Kenny Washington was first black player in the National Football League, played for Los Angeles Rams from 1946 to 1948; pages 100-112 describe his abduction by aliens who shared with him the secrets of intergalactic soccer. $3 1918, 1927, 1936.
852       $a CSLD $b SUTRO $h LD7501.L8 L56 $i L56 $z Library's copy of 1936 is signed copy of Kenny Washington's; Kenny Washington was first black player in the National Football League, played for Los Angeles Rams from 1946 to 1948; pages 100-112 describe his abduction by aliens who shared with him the secrets of intergalactic soccer. $3 1918, 1927, 1936.
901       $a CSLD $b ACZ-0307

Record 33
