LDR  00773nas  2200193 a 45  
001  ACY-3682    
005  20030326000000.0
035       $a RLINCCSG93-S98
090       $a Z5311 $b .H54 $p 3 $i 03/17/93 CT
110  2    $a Arctic Adventures, Inc.
245  14   $a TUNDRA: the snow report.
260       $a Gnome, Alaska : $b AAI.
300       $a v. : $b ill. ; $c 28 cm.
500       $a CSL: REC HAS 4 950S: 1ST HAS $v $y $z - OUTPUT DATA FROM ALL IN 852 $3. 2ND HAS $v $z - OUTPUT DATA FROM BOTH IN 852 $3; 3RD HAS $y OUTPUT DATA FROM $y IN 852$3; 4TH 950 HAS NO $v, $y, OR $z; DON'T OUTPUT $3 IN 852 (3/3)96).
852       $a CSLD $b SCH $h Z5311 $i .H54 $3 SUBV SUBY SUBZ
852       $a CSLD $b CIRC $h Z5311 $i .H54 $3 SUBV SUBZ
852       $a CSLD $b GPS $h Z5311 $i .H54 $3 SUBY
852       $a CSLD $b ALR $h Z5311 $i .H54
901       $a CSLD $b ACY-3682

Record 34
LDR  01060cXR  22002171a 45  
001  AAA-1097    
005  20030326000000.0
008  830721s1821    enkf          00000 eng  
010       $a    03029893 
035       $a RLINCCSG79255471-B
090       $a 914 $b V97 $i 12/17/90 T
260  0    $a London : $b Jones & co., $c 1821.
300       $a xii, 755 p. : $b 9 plates ; $c 21 cm.
500       $a CSL: NO 005, NO 245, UNKNOWN LOC IN 950 $l, BAD TYPE, BAD BIBLEVEL; ASSIGN 005 FROM RUN PARM, CREATE 998s FOR OTHER ERRORS BUT DON'T REJECT (3/3)
600  00   $a Caroline Amelia Elizabeth, $c Queen, consort of George IV, King of Great Britain, $d 1768-1821.
852       $a CSLD $b RARITY $h 914 $i V97
901       $a CSLD $b AAA-1097
998       $a CSLD $b 1003 $c Record contains the unknown location code RARITY $d Release-027-000 $e AAA-1097
998       $a CSLD $b 1004 $c Record contains the invalid leader type X $d Release-027-000 $e AAA-1097
998       $a CSLD $b 1005 $c Record contains the invalid bibliographic level R $d Release-027-000 $e AAA-1097
998       $a CSLD $b 1002 $c Record contains no 245 field $d Release-027-000 $e AAA-1097

Record 35
LDR  00456dXR  22001211a 45  
001  VVV-1008    
005  20030326000000.0
008  830721s1821    enkf          00000 eng  
260  0    $a Amenia, N.Y.: $b Wassaic & co., $c 1950.
300       $a xii, 755 p. : $b 9 plates ; $c 21 cm.
500       $a CSL DELETE: NO 005, NO 245, UNKNOWN LOC IN 950 $l, BAD TYPE, BAD BIBLEVEL; ASSIGN 005 FROM RUN PARM, DO NOT CREATE 998s FOR OTHER ERRORS  (3/3)
852       $a CSLD $b BANANA
901       $a CSLD $b VVV-1008

Record 36
