LDR  01231cam  2200301 a 4500
001  AFB-9339    
003  CStRLIN
005  20030326000000.0
008  000710s2000    caua     b   s000 0 eng d
035       $a RLINCCSD00-B267
035       $a (c)CSP-00-07
040       $a C $c C
043       $a n-us-ca
086       $a T523.E36 $2 cadocs
090       $a T523 $b .E36 $i 08/04/00 CT $h 07/17/00 CT
090       $a HC107.C22 $b E53 2000
245  04   $a The economic future of the San Joaquin Valley.
260       $a Modesto, CA (911 13th Street, Modesto) : $b Great Valley Center, $c [2000]
300       $a 58 p. : $b ill. : $c 28 cm.
500       $a CSL: TEST FOR HANDLING OF NULL, EMPTY, & BLANK SUBFIELDS.
500       $a CSL: 1ST 950; OUTPUT 852 WITH 1 $z FROM 1st $n; IGNORE OTHER 3 $n's; 2ND IS EMPTY; 3rd HAS BLANK; 4th IS NULL.
500       $a CSL: 2ND 950 HAS EMPTY $l - DON'T OUTPUT AN 852.
500       $a CSL: 3RD 950 $l CONTAINS BLANKS - DON'T OUTPUT AN 852.
500       $a CSL: 4TH 950 $l CONTAINS NULL - DON'T OUTPUT AN 852.
651   0   $a San Joaquin Valley (Calif.) $x Economic conditions.
852       $a CSLD $b C $h T523 $i .E36 $z Output this note from the good 950
856  41   $u http://www.greatvalley.org/nvc/collaborative%5econ%5full%5report.pdf
901       $a CSLD $b AFB-9339

Record 37
