LDR  01415cam  2200349 a 4500
001  AFJ-2772    
003  CStRLIN
005  20030326000000.0
008  020304s2001    nyu      b    001 0 eng  
010       $a    00066206 
035       $a RLINCCSG02-B2304
020       $a 038097682X
040       $a DLC $c DLC $d DLC $d C
043       $a n-us---
050  00   $a HV6344.U6 $b L48 2001
082  00   $a 336.2/06/0973 $2 21
090       $a HV6344.U6 $b L48 2001 $i 03/05/02 CT
042       $a pcc
100  1    $a Lewis, Charles, $d 1953-
245  14   $a The cheating of America : $b how tax avoidance and evasion by the super rich are costing the country billions, and what you can do about it / $c Charles Lewis, Bill Allison, and the Center for Public Integrity.
250       $a 1st ed.
260       $a New York : $b W. Morrow, $c c2001.
300       $a xviii, 302 p. ; $c 24 cm.
500       $a CSL: 1ST 950 - ONE $e IS EMPTY, 1 HAS DATA; 2ND 950 - 1 $e HAS BLANKS, 2ND HAS DATA; 3RD 950 - 1 $e HAS NULL CHARACTERS, 2ND HAS DATA. FOR EACH 950, OUTPUT 852 WITH 1 $m FROM THE $e WITH DATA (02/04).
504       $a Includes bibliographical references and index.
650   0   $a Tax evasion $z United States.
700  1    $a Allison, Bill.
710  2    $a Center for Public Integrity.
852       $a CSLD $b M $h HV6344.U6 $i L48 2001 $m also in Calif
852       $a CSLD $b CAP $h HV6344.U6 $i L48 2001 $m also in Sutro
852       $a CSLD $b CAT $h HV6344.U6 $i L48 2001 $m not in Sutro
901       $a CSLD $b AFJ-2772

